@ARTICLE{10.3389/fspas.2020.00024,
AUTHOR={Raptis, Savvas and Aminalragia-Giamini, Sigiava and Karlsson, Tomas and Lindberg, Martin},   
TITLE={Classification of Magnetosheath Jets Using Neural Networks and High Resolution OMNI (HRO) Data},      
JOURNAL={Frontiers in Astronomy and Space Sciences},      
VOLUME={7},     
PAGES={24},     
YEAR={2020},      
URL={https://www.frontiersin.org/article/10.3389/fspas.2020.00024},       
DOI={10.3389/fspas.2020.00024},      
ISSN={2296-987X},   
ABSTRACT={Magnetosheath jets are transient, localized dynamic pressure enhancements found downstream of the Earth's bow shock in the magnetosheath region. Using a pre-existing database of magnetosheath jets we train a neural network to distinguish between jets found downstream of a quasi-parallel bow shock (<mml:math id="M1" xmlns:mml="http://www.w3.org/1998/Math/MathML"><mml:msub><mml:mrow><mml:mi>θ</mml:mi></mml:mrow><mml:mrow><mml:mi>B</mml:mi><mml:mi>n</mml:mi></mml:mrow></mml:msub><mml:mo><</mml:mo><mml:mn>4</mml:mn><mml:msup><mml:mrow><mml:mn>5</mml:mn></mml:mrow><mml:mrow><mml:mi>o</mml:mi></mml:mrow></mml:msup></mml:math>) and jets downstream of a quasi-perpendicular bow shock (<mml:math id="M2" xmlns:mml="http://www.w3.org/1998/Math/MathML"><mml:msub><mml:mrow><mml:mi>θ</mml:mi></mml:mrow><mml:mrow><mml:mi>B</mml:mi><mml:mi>n</mml:mi></mml:mrow></mml:msub><mml:mo>></mml:mo><mml:mn>4</mml:mn><mml:msup><mml:mrow><mml:mn>5</mml:mn></mml:mrow><mml:mrow><mml:mi>o</mml:mi></mml:mrow></mml:msup></mml:math>). The initial database was compiled using MMS measurements in the magnetosheath (downstream) to identify and classify them as “quasi-parallel” or “quasi-perpendicular,” while the neural network uses only solar wind (upstream) measurements from the OMNIweb database. To evaluate the results, a comparison with three physics-based modeling approaches is done. It is shown that neural networks are systematically outperforming the other methods by achieving a ~93\% agreement with the initial dataset, while the rest of the methods achieve around 80\%. The better performance of the neural networks likely is due to the fact that they use information from more solar wind quantities than the physics-based models. As a result, even in the absence of certain upstream properties, such as the IMF direction, they are capable of accurately determining the jet class.}
}

@inproceedings{vuorinen2019jets,
  title={Jets in the magnetosheath: IMF control of where they occur},
  author={Vuorinen, Laura and Hietala, Heli and Plaschke, Ferdinand},
  booktitle={Annales Geophysicae},
  volume={37},
  number={4},
  pages={689--697},
  year={2019},
  organization={Copernicus GmbH}
}