@book{baumjohann2012basic,
  title={Basic space plasma physics},
  author={Baumjohann, Wolfgang and Treumann, Rudolf A},
  year={2012},
  publisher={World Scientific Publishing Company}
}